
@misc{any23,
	title = {Apache {Any}23 â€“ {Apache} {Any}23 - {Introduction}},
	url = {http://any23.apache.org/}
}
