
@misc{bfo_homepage,
	title = {Basic {Formal} {Ontology} ({BFO}) {\textbar} {Home}},
	url = {http://basic-formal-ontology.org/}
}
