
@misc{BFO-ontology,
	title = {Basic {Formal} {Ontology} ({BFO})},
	url = {https://github.com/BFO-ontology/BFO},
	publisher = {Basic Formal Ontology (BFO)},
	note = {original-date: 2015-07-09T17:04:37Z},
}
