
@misc{cogley_glossary_2011,
	title = {Glossary of {Glacier} {Mass}  {Balance} and {Related} {Terms}},
	url = {http://unesdoc.unesco.org/images/0019/001925/192525e.pdf},
	publisher = {IHP-VII Technical Documents in Hydrology No. 86, IACS  Contribution No. 2, UNESCO-IHP, Paris},
	author = {Cogley, J.G. and Hock, R. and Rasmussen, L.A. and Arendt, A.A. and Bauder, A. and Braithwaite, R.J. and Jansson, P. and Kaser, G. and MÃ¶ller, M. and Nicholson, L. and Zemp, M.},
	year = {2011}
}