
@misc{nws_internet_services_team_glossary_2009,
	title = {Glossary - {NOAA}'s {National} {Weather} {Service}},
	url = {http://w1.weather.gov/glossary/},
	journal = {National Weather Service Glossary},
	author = {{NWS Internet Services Team}},
	month = jun,
	year = {2009},
	file = {Glossary - NOAA's National Weather Service:/home/kai/.zotero/zotero/kr7d9e9w.default/zotero/storage/IXHUCUEK/glossary.html:text/html}
}