
@misc{sean_bechhofer_owl_2004,
	title = {{OWL} {Web} {Ontology} {Language} {Reference}},
	url = {https://www.w3.org/TR/owl-ref/},
	abstract = {The Web Ontology Language OWL is a semantic markup language for publishing and sharing ontologies on the World Wide Web. OWL is developed as a vocabulary extension of RDF (the Resource Description Framework) and is derived from the DAML+OIL Web Ontology Language. This document contains a structured informal description of the full set of OWL language constructs and is meant to serve as a reference for OWL users who want to construct OWL ontologies.},
	urldate = {2018-02-04},
	author = {{Sean Bechhofer} and {Frank van Harmelen} and {Jim Hendler} and {Ian Horrocks} and {Deborah L. McGuinness} and {Peter F. Patel-Schneider} and {Lynn Andrea Stein}},
	month = feb,
	year = {2004}
}