
@misc{protege,
	title = {protégé},
	url = {https://protege.stanford.edu/}
}
