
@misc{noauthor_welcome_nodate,
	title = {Welcome to {Python}.org},
	url = {https://www.python.org/},
	abstract = {The official home of the Python Programming Language},
	language = {en},
	urldate = {2018-02-04},
	journal = {Python.org},
}
