
@misc{obo-relations,
	title = {oborel/obo-relations},
	url = {https://github.com/oborel/obo-relations},
	abstract = {obo-relations - RO is an ontology of relations for use with biological ontologies},
	journal = {GitHub},
}
