
@misc{tim_berners-lee_world,
	title = {World {Wide} {Web} {Consortium} ({W}3C)},
	url = {https://www.w3.org/},
	urldate = {2018-02-04},
	author = {{Tim Berners-Lee}}
}
